@misc{Yuskel,
  author = "Cem Yuskel",
  journal = "Bogazici University",
  title = "Real-time Water Waves with Wave Particles",
  howpublished = "\url{www.cemyuskel.com/research/wavesparticles/cem_yuskel_dissertation.pdf}",
  year = "2010",
  note = "[En ligne; visit√© le 16 novembre 2015]"
}

